@ARTICLE{null
AUTHOR = "A. Baka",
TITLE = "Peeling onions",
JOURNAL = "mkyong",
YEAR = "2000",
}
