@article{p1,
    author = "{Pekko}",
    title = "{plaa plaa}",
    journal = "{j\"{a}b\"{a}}",
    year = "{2001}"
}

@article{ooo11,
    author = "{Plee}",
    title = "{Pi}",
    journal = "{mama}",
    year = "{55}"
}

@inproceedings{KK11,
    author = "{wat}",
    title = "{de}",
    year = "{99}",
    booktitle = "{hihi}"
}

