@article{aaa,
    author = "joku tyyppi",
    title = "hieno artikkeli",
    journal = "jostain kirjasta kai",
    year = "2013",
    volume = "1",
    note = "huom!"
}

