@ARTICLE{aaa,
Author = "joku tyyppi",
Title = "hieno artikkeli",
Journal = "jostain kirjasta kai",
Year = "2013",
Volume = "1",
Note = "huom!"
}

